<?xml version="1.0" encoding="UTF-8"?><record xmlns="http://www.loc.gov/MARC21/slim" xmlns:cinclude="http://apache.org/cocoon/include/1.0" xmlns:zs="http://www.loc.gov/zing/srw/">
  <leader>00430cz  a2200133n  4500</leader>
  <controlfield tag="001">no2010194152</controlfield>
  <controlfield tag="003">DLC</controlfield>
  <controlfield tag="005">20160326075451.0</controlfield>
  <controlfield tag="008">101130n| azannaabn          |n aaa     c</controlfield>
  <datafield tag="010" ind1=" " ind2=" ">
    <subfield code="a">no2010194152</subfield>
  </datafield>
  <datafield tag="035" ind1=" " ind2=" ">
    <subfield code="a">(OCoLC)oca08701281</subfield>
  </datafield>
  <datafield tag="040" ind1=" " ind2=" ">
    <subfield code="a">WaU</subfield>
    <subfield code="b">eng</subfield>
    <subfield code="e">rda</subfield>
    <subfield code="c">WaU</subfield>
    <subfield code="d">CSt</subfield>
  </datafield>
  <datafield tag="100" ind1="1" ind2=" ">
    <subfield code="a">Todorovich, Eli휍혖as</subfield>
  </datafield>
  <datafield tag="670" ind1=" " ind2=" ">
    <subfield code="a">Proceedings of the VI Southern Programmable Logic Conference, c2010, via WWW, Nov. 30, 2010:</subfield>
    <subfield code="b">PDF p. ii (Eli휍혖as Todorovich)</subfield>
  </datafield>
</record>